<record><leader>00000cas a22000007a 4500</leader><controlfield tag="001">16810449</controlfield><controlfield tag="008">871005d190u1918pauwr ne      0    0eng d</controlfield><datafield ind1=" " ind2=" " tag="010"><subfield code="a">sn 87078374 </subfield></datafield><datafield ind1=" " ind2=" " tag="040"><subfield code="a">NPH</subfield><subfield code="b">eng</subfield><subfield code="c">NPH</subfield><subfield code="d">OCLCQ</subfield></datafield><datafield ind1=" " ind2=" " tag="042"><subfield code="a">msc</subfield></datafield><datafield ind1="0" ind2="0" tag="245"><subfield code="a">Port Allegany Argus.</subfield></datafield><datafield ind1=" " ind2=" " tag="260"><subfield code="a">Port Allegany, Pa. :</subfield><subfield code="b">Fred S. Blackman,</subfield><subfield code="c">-1918.</subfield></datafield><datafield ind1=" " ind2=" " tag="300"><subfield code="a">v. ;</subfield><subfield code="c">54 cm.</subfield></datafield><datafield ind1=" " ind2=" " tag="310"><subfield code="a">Weekly</subfield></datafield><datafield ind1="0" ind2=" " tag="362"><subfield code="a">-v. 18, no. 13 (Aug. 22, 1918).</subfield></datafield><datafield ind1=" " ind2=" " tag="588"><subfield code="a">Description based on: Vol. 3, no. 32 (Nov. 20, 1903).</subfield></datafield><datafield ind1=" " ind2=" " tag="752"><subfield code="a">United States</subfield><subfield code="b">Pennsylvania</subfield><subfield code="c">McKean</subfield><subfield code="d">Port Allegany.</subfield></datafield><datafield ind1="0" ind2="0" tag="780"><subfield code="t">Weekly Argus (Port Allegany, Pa.)</subfield><subfield code="w">(DLC)sn 87078375</subfield></datafield><datafield ind1="0" ind2="7" tag="785"><subfield code="t">Port Allegany reporter</subfield><subfield code="w">(DLC)sn 87078370</subfield></datafield><datafield ind1="0" ind2="7" tag="785"><subfield code="t">Port Allegany reporter, Port Allegany Argus (Port Allegany, Pa. : 1918)</subfield><subfield code="w">(DLC)sn 87078373</subfield></datafield></record>